@article {ECY:ECY20119281648,
author = {Boettiger, Alistair N. and Wittemyer, George and Starfield, Richard and Volrath, Fritz and Douglas-Hamilton, Iain and Getz, Wayne M.},
title = {Inferring ecological and behavioral drivers of African elephant movement using a linear filtering approach},
journal = {Ecology},
volume = {92},
number = {8},
publisher = {Ecological Society of America},
issn = {1939-9170},
url = {http://dx.doi.org/10.1890/10-0106.1},
doi = {10.1890/10-0106.1},
pages = {1648--1657},
keywords = {African elephant, landscape dynamics, Loxodonta africana, movement ecology, NDVI, prediction, radio-tracking, signal processing, spatiotemporal landscape, Weiner filter},
year = {2011}
}

@article{PURDON201745,
title = "Water provisioning in Kruger National Park alters elephant spatial utilisation patterns",
journal = "Journal of Arid Environments",
volume = "141",
pages = "45 - 51",
year = "2017",
issn = "0140-1963",
doi = "https://doi.org/10.1016/j.jaridenv.2017.01.014",
url = "http://www.sciencedirect.com/science/article/pii/S0140196317300216",
author = "A. Purdon and R.J. van Aarde",
keywords = "Brownian bridge, Conservation management, , Savanna ecosystems, Spatial distribution, Surface-water manipulation"
}

@Manual{QGIS_software,
    title = {QGIS Geographic Information System},
    author = {{QGIS Development Team}},
    organization = {Open Source Geospatial Foundation},
    year = {2018},
    url = {http://qgis.osgeo.org},
}

@Article{adehabitatLT,
    title = {The package adehabitat for the R software:
         tool for the analysis of space and habitat use by animals},
    journal = {Ecological Modelling},
    volume = {197},
    pages = {1035},
    year = {2006},
    author = {C. Calenge},
  }

@Manual{recurse,
    title = {recurse: Computes Revisitation Metrics for Trajectory Data},
    author = {Chloe Bracis},
    year = {2017},
    note = {R package version 1.0.1},
    url = {https://CRAN.R-project.org/package=recurse},
}

@article{forester2009accounting,
  title={Accounting for animal movement in estimation of resource selection functions: sampling and data analysis},
  author={Forester, James D and Im, Hae Kyung and Rathouz, Paul J},
  journal={Ecology},
  volume={90},
  number={12},
  pages={3554--3565},
  year={2009},
  publisher={Wiley Online Library}
}

@article{huete2002overview,
  title={Overview of the radiometric and biophysical performance of the MODIS vegetation indices},
  author={Huete, Alfredo and Didan, Kamel and Miura, Tomoaki and Rodriguez, E Patricia and Gao, Xiang and Ferreira, Laerte G},
  journal={Remote sensing of environment},
  volume={83},
  number={1},
  pages={195--213},
  year={2002},
  publisher={Elsevier}
}

@article {ECY:ECY20038482092,
author = {Redfern, Jessica V. and Grant, Rina and Biggs, Harry and Getz, Wayne M.},
title = {Surface-water Constraints On Herbivore Foraging In The Kruger National Park, South Africa},
journal = {Ecology},
volume = {84},
number = {8},
publisher = {Ecological Society of America},
issn = {1939-9170},
url = {http://dx.doi.org/10.1890/01-0625},
doi = {10.1890/01-0625},
pages = {2092--2107},
keywords = {abiotic constraints, biotic constraints, foraging, herbivore distribution, Kruger National Park, South Africa, landscape scale, logistic regression, resource trade-offs, savanna, South Africa, surface water},
year = {2003}
}

@phdthesis{redfern2002manipulating,
  title={Manipulating surface water availability to manage herbivore distributions in the Kruger National Park, South Africa},
  author={Redfern, Jessica Veneris},
  year={2002},
  school={University of California, Berkeley}
}

@Manual{move,
    title = {move: Visualizing and Analyzing Animal Track Data},
    author = {Bart Kranstauber and Marco Smolla},
    year = {2016},
    note = {R package version 2.1.0},
    url = {https://CRAN.R-project.org/package=move},
}

@book{wood2006generalized,
  title={Generalized additive models: an introduction with R},
  author={Wood, Simon N.},
  year={2006},
  publisher={CRC press}
}

@Manual{gamm4,
    title = {gamm4: Generalized Additive Mixed Models using 'mgcv' and 'lme4'},
    author = {Simon Wood and Fabian Scheipl},
    year = {2016},
    note = {R package version 0.2-4},
    url = {https://CRAN.R-project.org/package=gamm4},
  }

@Article{wood2004gcv,
    title = {Stable and efficient multiple smoothing parameter estimation for
         generalized additive models},
    journal = {Journal of the American Statistical Association},
    volume = {99},
    number = {467},
    pages = {673-686},
    year = {2004},
    author = {Wood, Simon N.},
  }

@Article{wood2003tps,
    title = {Thin-plate regression splines},
    journal = {Journal of the Royal Statistical Society (B)},
    volume = {65},
    number = {1},
    pages = {95-114},
    year = {2003},
    author = {Wood, Simon N.},
  }

@Article{lme4,
    title = {Fitting Linear Mixed-Effects Models Using {lme4}},
    author = {Douglas Bates and Martin M{\"a}chler and Ben Bolker and Steve Walker},
    journal = {Journal of Statistical Software},
    year = {2015},
    volume = {67},
    number = {1},
    pages = {1--48},
    doi = {10.18637/jss.v067.i01},
}

@Book{wood2013gam,
    title = {Generalized Additive Models: An Introduction with {R}},
    year = {2013},
    edition = {2},
    author = {Wood, Simon N.},
    publisher = {Chapman and Hall/CRC},
}

@Manual{R,
    title = {R: A Language and Environment for Statistical Computing},
    author = {{R Core Team}},
    organization = {R Foundation for Statistical Computing},
    address = {Vienna, Austria},
    year = {2017},
    url = {https://www.R-project.org/},
  }

@article{TSHIPA201746,
title = "Partial migration links local surface-water management to large-scale elephant conservation in the world's largest transfrontier conservation area",
journal = "Biological Conservation",
volume = "215",
number = "Supplement C",
pages = "46 - 50",
year = "2017",
issn = "0006-3207",
doi = "https://doi.org/10.1016/j.biocon.2017.09.003",
url = "http://www.sciencedirect.com/science/article/pii/S0006320717309047",
author = "Arnold Tshipa and Hugo Valls-Fox and Hervé Fritz and Kai Collins and Lovelater Sebele and Peter Mundy and Simon Chamaillé-Jammes",
keywords = "Connectivity",
keywords = "Land sharing",
keywords = "Management",
keywords = "Migration",
keywords = "Protected area",
keywords = "Water"
}

@article{loarie2009fences,
  title={Fences and artificial water affect African savannah elephant movement patterns},
  author={Loarie, Scott R and Van Aarde, Rudi J and Pimm, Stuart L},
  journal={Biological conservation},
  volume={142},
  number={12},
  pages={3086--3098},
  year={2009},
  publisher={Elsevier}
}

@article{CAIN20081518,
title = "Potential thermoregulatory advantages of shade use by desert bighorn sheep",
journal = "Journal of Arid Environments",
volume = "72",
number = "8",
pages = "1518 - 1525",
year = "2008",
issn = "0140-1963",
doi = "https://doi.org/10.1016/j.jaridenv.2008.02.010",
url = "http://www.sciencedirect.com/science/article/pii/S0140196308000347",
author = "J.W. Cain and B.D. Jansen and R.R. Wilson and P.R. Krausman",
keywords = "Arizona, Bighorn sheep, , Shade, Sonoran desert, Thermoregulation"
}

@article{VANBEEST2012723,
title = "Temperature-mediated habitat use and selection by a heat-sensitive northern ungulate",
journal = "Animal Behaviour",
volume = "84",
number = "3",
pages = "723 - 735",
year = "2012",
issn = "0003-3472",
doi = "https://doi.org/10.1016/j.anbehav.2012.06.032",
url = "http://www.sciencedirect.com/science/article/pii/S0003347212003065",
author = "Floris M. van Beest and Bram Van Moorter and Jos M. Milner",
keywords = ", climate change, endotherms, habitat selection, moose, SSF, thermoregulation, trade-off"
}

@article{walther2002ecological,
  title={Ecological responses to recent climate change},
  author={Walther, Gian-Reto and Post, Eric and Convey, Peter and Menzel, Annette and Parmesan, Camille and Beebee, Trevor JC and Fromentin, Jean-Marc and Hoegh-Guldberg, Ove and Bairlein, Franz},
  journal={Nature},
  volume={416},
  number={6879},
  pages={389--395},
  year={2002},
  publisher={Nature Publishing Group}
}

@article{parmesan2006ecological,
  title={Ecological and evolutionary responses to recent climate change},
  author={Parmesan, Camille},
  journal={Annu. Rev. Ecol. Evol. Syst.},
  volume={37},
  pages={637--669},
  year={2006},
  publisher={Annual Reviews}
}

@article{bowyer2009thermal,
  title={Thermal landscapes and resource selection by black-tailed deer: implications for large herbivores},
  author={Bowyer, R TERRY and Kie, JOHN G},
  journal={Calif Fish Game},
  volume={95},
  pages={128--139},
  year={2009}
}

@Article{Aublet2009,
author="Aublet, Jean-Fran{\c{c}}ois
and Festa-Bianchet, Marco
and Bergero, Domenico
and Bassano, Bruno",
title="Temperature constraints on foraging behaviour of male Alpine ibex (Capra ibex) in summer",
journal="Oecologia",
year="2009",
month="Feb",
day="01",
volume="159",
number="1",
pages="237--247",
issn="1432-1939",
doi="10.1007/s00442-008-1198-4",
url="https://doi.org/10.1007/s00442-008-1198-4"
}

@article{KINAHAN200747,
title = "Ambient temperature as a determinant of landscape use in the savanna elephant, Loxodonta africana",
journal = "Journal of Thermal Biology",
volume = "32",
number = "1",
pages = "47 - 58",
year = "2007",
issn = "0306-4565",
doi = "https://doi.org/10.1016/j.jtherbio.2006.09.002",
url = "http://www.sciencedirect.com/science/article/pii/S0306456506001057",
author = "A.A. Kinahan and S.L. Pimm and R.J. van Aarde",
keywords = "Canopy cover, Landscape preference, Temperature selection, Thermoregulation"
}

@article{schmidt2016ungulate,
  title={Ungulate movement in an extreme seasonal environment: year-round movement patterns of high-arctic muskoxen},
  author={Schmidt, Niels M and Beest, Floris M van and Mosbacher, Jesper B and Stelvig, Mikkel and Hansen, Lars H and Nabe-Nielsen, Jacob and Gr{\o}ndahl, Carsten},
  journal={Wildlife Biology},
  volume={22},
  number={6},
  pages={253--267},
  year={2016},
  publisher={BioOne}
}

@article{lowe2010lack,
  title={Lack of behavioral responses of moose (Alces alces) to high ambient temperatures near the southern periphery of their range},
  author={Lowe, Stacey J and Patterson, Brent R and Schaefer, James A},
  journal={Canadian Journal of Zoology},
  volume={88},
  number={10},
  pages={1032--1041},
  year={2010},
  publisher={NRC Research Press}
}

@Article{Stelzner1988,
author="Stelzner, Jeffrey K.",
title="Thermal effects on movement patterns of yellow baboons",
journal="Primates",
year="1988",
month="Jan",
day="01",
volume="29",
number="1",
pages="91--105",
issn="1610-7365",
doi="10.1007/BF02380852",
url="https://doi.org/10.1007/BF02380852"
}

@article{cain_etal_2006,
 ISSN = {00917648, 19385463},
 URL = {http://www.jstor.org/stable/3784682},
 author = {James W. Cain and Paul R. Krausman and Steven S. Rosenstock and Jack C. Turner},
 journal = {Wildlife Society Bulletin (1973-2006)},
 number = {3},
 pages = {570-581},
 publisher = {[Wiley, Wildlife Society]},
 title = {Mechanisms of Thermoregulation and Water Balance in Desert Ungulates},
 volume = {34},
 year = {2006}
}

@article {JANE:JANE595,
author = {Johnson, Chris J. and Parker, Katherine L. and Heard, Douglas C. and Gillingham, Michael P.},
title = {Movement parameters of ungulates and scale-specific responses to the environment},
journal = {Journal of Animal Ecology},
volume = {71},
number = {2},
publisher = {Blackwell Science Ltd},
issn = {1365-2656},
url = {http://dx.doi.org/10.1046/j.1365-2656.2002.00595.x},
doi = {10.1046/j.1365-2656.2002.00595.x},
pages = {225--235},
keywords = {caribou, GPS, habitat patch, heterogeneity, predation risk},
year = {2002},
}

@article {JZO:JZO848,
author = {Cain, J. W. and Owen-Smith, N. and Macandza, V. A.},
title = {The costs of drinking: comparative water dependency of sable antelope and zebra},
journal = {Journal of Zoology},
volume = {286},
number = {1},
publisher = {Blackwell Publishing Ltd},
issn = {1469-7998},
url = {http://dx.doi.org/10.1111/j.1469-7998.2011.00848.x},
doi = {10.1111/j.1469-7998.2011.00848.x},
pages = {58--67},
keywords = {Equus quagga, Hippotragus niger, movement costs, sable antelope, water dependency, zebra},
year = {2012}
}

@Inbook{Coughenour2008,
author="Coughenour, Michael B.",
editor="Galvin, Kathleen A.
and Reid, Robin S.
and Jr, Roy H. Behnke
and Hobbs, N. Thompson",
title="Causes and Consequences of Herbivore Movement in Landscape Ecosystems",
bookTitle="Fragmentation in Semi-Arid and Arid Landscapes: Consequences for Human and Natural Systems",
year="2008",
publisher="Springer Netherlands",
address="Dordrecht",
pages="45--91",
isbn="978-1-4020-4906-4",
doi="10.1007/978-1-4020-4906-4_3",
url="https://doi.org/10.1007/978-1-4020-4906-4_3"
}

@article{hirst1975ungulate,
 ISSN = {00840173, 19385455},
 URL = {http://www.jstor.org/stable/3830376},
 author = {Stanley M. Hirst},
 journal = {Wildlife Monographs},
 number = {44},
 pages = {3-60},
 publisher = {[Wiley, Wildlife Society]},
 title = {Ungulate-Habitat Relationships in a South African Woodland/Savanna Ecosystem},
 year = {1975}
}

@article {owensmith2014coping,
author = {Owen-Smith, N. and Goodall, V.},
title = {Coping with savanna seasonality: comparative daily activity patterns of African ungulates as revealed by GPS telemetry},
journal = {Journal of Zoology},
volume = {293},
number = {3},
issn = {1469-7998},
url = {http://dx.doi.org/10.1111/jzo.12132},
doi = {10.1111/jzo.12132},
pages = {181--191},
keywords = {activity schedules, digestive constraints, energy maximization, Equus quagga, Hippotragus niger, seasonal variation, Syncerus caffer, thermal constraints, time budgets},
year = {2014},
}

@article{rahimi2007movement,
  title={Movement patterns of sable antelope in the Kruger National Park from GPS/GSM collars: a preliminary assessment},
  author={Rahimi, Sahar and Owen-Smith, Norman},
  journal={South African Journal of Wildlife Research},
  volume={37},
  number={2},
  pages={143--151},
  year={2007},
  publisher={BioOne}
}

@Article{Nowack2013,
author="Nowack, Julia
and Wippich, Marta
and Mzilikazi, Nomakwezi
and Dausmann, Kathrin H.",
title="Surviving the Cold, Dry Period in Africa: Behavioral Adjustments as an Alternative to Heterothermy in the African Lesser Bushbaby (Galago moholi)",
journal="International Journal of Primatology",
year="2013",
month="Feb",
day="01",
volume="34",
number="1",
pages="49--64",
issn="1573-8604",
doi="10.1007/s10764-012-9646-8",
url="https://doi.org/10.1007/s10764-012-9646-8"
}

@article {Fuller159,
  author = {Fuller, Andrea and Hetem, Robyn S. and Maloney, Shane K. and Mitchell, Duncan},
  title = {Adaptation to Heat and Water Shortage in Large, Arid-Zone Mammals},
  volume = {29},
  number = {3},
  pages = {159--167},
  year = {2014},
  doi = {10.1152/physiol.00049.2013},
  publisher = {American Physiological Society},
  issn = {1548-9213},
  URL = {http://physiologyonline.physiology.org/content/29/3/159},
  eprint = {http://physiologyonline.physiology.org/content/29/3/159.full.pdf},
  journal = {Physiology}
}

@article {Fuller2855,
  author = {Fuller, Andrea and Kamerman, Peter R. and Maloney, Shane K. and Matthee, Andr{\'e} and Mitchell, Graham and Mitchell, Duncan},
  title = {A year in the thermal life of a free-ranging herd of springbok Antidorcas marsupialis},
  volume = {208},
  number = {15},
  pages = {2855--2864},
  year = {2005},
  doi = {10.1242/jeb.01714},
  publisher = {The Company of Biologists Ltd},
  issn = {0022-0949},
  URL = {http://jeb.biologists.org/content/208/15/2855},
  eprint = {http://jeb.biologists.org/content/208/15/2855.full.pdf},
  journal = {Journal of Experimental Biology}
}

@Article{Weissenböck2012,
author="Weissenb{\"o}ck, Nicole M.
and Arnold, Walter
and Ruf, Thomas",
title="Taking the heat: thermoregulation in Asian elephants under different climatic conditions",
journal="Journal of Comparative Physiology B",
year="2012",
month="Feb",
day="01",
volume="182",
number="2",
pages="311--319",
issn="1432-136X",
doi="10.1007/s00360-011-0609-8",
url="https://doi.org/10.1007/s00360-011-0609-8"
}

@article {Maloney1813,
  author = {Maloney, Shane K. and Fuller, Andrea and Meyer, Leith C. R. and Kamerman, Peter R. and Mitchell, Graham and Mitchell, Duncan},
  title = {Minimum daily core body temperature in western grey kangaroos decreases as summer advances: a seasonal pattern, or a direct response to water, heat or energy supply?},
  volume = {214},
  number = {11},
  pages = {1813--1820},
  year = {2011},
  doi = {10.1242/jeb.050500},
  publisher = {The Company of Biologists Ltd},
  issn = {0022-0949},
  URL = {http://jeb.biologists.org/content/214/11/1813},
  eprint = {http://jeb.biologists.org/content/214/11/1813.full.pdf},
  journal = {Journal of Experimental Biology}
}

@article {AJE:AJE1101,
author = {Leggett, Keith},
title = {Daily and hourly movement of male desert-dwelling elephants},
journal = {African Journal of Ecology},
volume = {48},
number = {1},
publisher = {Blackwell Publishing Ltd},
issn = {1365-2028},
url = {http://dx.doi.org/10.1111/j.1365-2028.2009.01101.x},
doi = {10.1111/j.1365-2028.2009.01101.x},
pages = {197--205},
keywords = {desert-dwelling elephants, diurnal and nocturnal movement, seasonal movement},
year = {2010},
}

@article{giotto2015,
    author = {Giotto, Nina and Gerard, Jean-François and Ziv, Alon and Bouskila, Amos and Bar-David, Shirli},
    journal = {PLOS ONE},
    publisher = {Public Library of Science},
    title = {Space-Use Patterns of the Asiatic Wild Ass (Equus hemionus): Complementary Insights from Displacement, Recursion Movement and Habitat Selection Analyses},
    year = {2015},
    month = {12},
    volume = {10},
    url = {https://doi.org/10.1371/journal.pone.0143279},
    pages = {1-21},
    number = {12},
    doi = {10.1371/journal.pone.0143279}
}

@article{cain2008responses,
  title={Responses of desert bighorn sheep to removal of water sources},
  author={Cain III, James W and Krausman, Paul R and Morgart, John R and Jansen, Brian D and Pepper, Martin P},
  journal={Wildlife Monographs},
  pages={1--32},
  year={2008},
  publisher={BioOne}
}

@phdthesis{de2008determinants,
  title={Determinants and consequences of elephant spatial use in Southern Africa’s arid savannas},
  author={De Beer, Yolandi-Mari},
  year={2008}
}

@phdthesis{cromhout2007ecology,
  title={The ecology of the African buffalo in the Eastern Kalahari region, South Africa},
  author={Cromhout, Marzanne},
  year={2007}
}

@phdthesis{purdon2016environmental,
  title={Environmental determinants of the movement patterns of elephants in the Kruger National Park},
  author={Purdon, Andrew},
  year={2016}
}

@article{valls2015drink,
  title={To drink or not to drink? The influence of resource availability on elephant foraging and habitat selection in a semi-arid savanna},
  author={Valls Fox, Hugo},
  year={2015},
  publisher={Universit{\'e} de Montpellier}
}

@article{shrestha2012171,
title = "Body temperature variation of South African antelopes in two climatically contrasting environments",
journal = "Journal of Thermal Biology",
volume = "37",
number = "3",
pages = "171 - 178",
year = "2012",
note = "Plasticity of Thermal Tolerance",
issn = "0306-4565",
doi = "https://doi.org/10.1016/j.jtherbio.2011.12.008",
url = "http://www.sciencedirect.com/science/article/pii/S0306456511001811",
author = "A.K. Shrestha and S.E. van Wieren and F. van Langevelde and A. Fuller and R.S. Hetem and L.C.R. Meyer and S. de Bie and H.H.T. Prins",
keywords = "Body temperature, Macro-physiology, Physiological plasticity homeothermy, Heterothermy, Nutritional stress"
}

@article {JEZ:JEZ389,
author = {Hetem, Robyn S. and Maloney, Shane K. and Fuller, Andrea and Meyer, Leith C.R. and Mitchell, Duncan},
title = {Validation of a biotelemetric technique, using ambulatory miniature black globe thermometers, to quantify thermoregulatory behaviour in ungulates},
journal = {Journal of Experimental Zoology Part A: Ecological Genetics and Physiology},
volume = {307A},
number = {6},
publisher = {Wiley Subscription Services, Inc., A Wiley Company},
issn = {1932-5231},
url = {http://dx.doi.org/10.1002/jez.389},
doi = {10.1002/jez.389},
pages = {342--356},
year = {2007},
}

@book{shrestha2012living,
  title={Living on the edge: physiological and behavioural plasticity of African antelopes along a climatic gradient},
  author={Shrestha, Anil Kumar},
  year={2012}
}

@article{bennitt2014buffalo,
    author = {Bennitt, Emily AND Bonyongo, Mpaphi Casper AND Harris, Stephen},
    journal = {PLOS ONE},
    publisher = {Public Library of Science},
    title = {Habitat Selection by African Buffalo (Syncerus caffer) in Response to Landscape-Level Fluctuations in Water Availability on Two Temporal Scales},
    year = {2014},
    month = {07},
    volume = {9},
    url = {https://doi.org/10.1371/journal.pone.0101346},
    pages = {1-14},
    number = {7},
    doi = {10.1371/journal.pone.0101346}
}

@Article{Shrestha2014,
author="Shrestha, A. K.
and van Wieren, S. E.
and van Langevelde, F.
and Fuller, A.
and Hetem, R. S.
and Meyer, L.
and de Bie, S.
and Prins, H. H. T.",
title="Larger antelopes are sensitive to heat stress throughout all seasons but smaller antelopes only during summer in an African semi-arid environment",
journal="International Journal of Biometeorology",
year="2014",
month="Jan",
day="01",
volume="58",
number="1",
pages="41--49",
issn="1432-1254",
doi="10.1007/s00484-012-0622-y",
url="https://doi.org/10.1007/s00484-012-0622-y"
}

@article{hetem2012411,
title = "Activity re-assignment and microclimate selection of free-living Arabian oryx: responses that could minimise the effects of climate change on homeostasis?",
journal = "Zoology",
volume = "115",
number = "6",
pages = "411 - 416",
year = "2012",
issn = "0944-2006",
doi = "https://doi.org/10.1016/j.zool.2012.04.005",
url = "http://www.sciencedirect.com/science/article/pii/S0944200612000633",
author = "Robyn S. Hetem and W. Maartin Strauss and Linda G. Fick and Shane K. Maloney and Leith C.R. Meyer and Mohammed Shobrak and Andrea Fuller and Duncan Mitchell",
keywords = "Antelope, , Activity pattern, Biologging, Physiological plasticity"
}

@Article{Hetem2010,
author="Hetem, Robyn Sheila
and Strauss, Willem Maartin
and Fick, Linda Gayle
and Maloney, Shane Kevin
and Meyer, Leith Carl Rodney
and Shobrak, Mohammed
and Fuller, Andrea
and Mitchell, Duncan",
title="Variation in the daily rhythm of body temperature of free-living Arabian oryx (Oryx leucoryx): does water limitation drive heterothermy?",
journal="Journal of Comparative Physiology B",
year="2010",
month="Oct",
day="01",
volume="180",
number="7",
pages="1111--1119",
issn="1432-136X",
doi="10.1007/s00360-010-0480-z",
url="https://doi.org/10.1007/s00360-010-0480-z"
}
